<?xml version="1.0" encoding="UTF-8"?><collection xmlns="http://www.loc.gov/MARC21/slim"><record><leader>00566nam--2200193-i-4500</leader><controlfield tag="001">000023346</controlfield><controlfield tag="002">20161230</controlfield><controlfield tag="005">20161230201035</controlfield><controlfield tag="008">060222s1000------------r-----000-0-rus-d</controlfield><datafield ind1=" " ind2=" " tag="040"><subfield code="a">IFIN-HH</subfield></datafield><datafield ind1=" " ind2=" " tag="041"><subfield code="a">rus</subfield></datafield><datafield ind1=" " ind2=" " tag="080"><subfield code="a">538.971=03.20=82:537.35</subfield></datafield><datafield ind1="1" ind2=" " tag="100"><subfield code="a">Ibach, H</subfield></datafield><datafield ind1="1" ind2="0" tag="245"><subfield code="a">Primenenie elektronnoi spektroskopii dlia analiza poverhnosti</subfield><subfield code="c">H. ibach (ed.)</subfield></datafield><datafield ind1=" " ind2=" " tag="260"><subfield code="a">Riga</subfield><subfield code="b">Zinatne</subfield><subfield code="c">1980</subfield></datafield><datafield ind1=" " ind2=" " tag="300"><subfield code="a">315P</subfield></datafield><datafield ind1=" " ind2=" " tag="500"><subfield code="a">Titlul Original In Limba Engleza: Electron Spectroscopy For Surface Analysis</subfield></datafield><datafield ind1=" " ind2=" " tag="852"><subfield code="a">49548</subfield><subfield code="c">53</subfield></datafield><datafield ind1=" " ind2=" " tag="CAT"><subfield code="a">Sys</subfield><subfield code="c">20150805</subfield><subfield code="h">155839</subfield></datafield></record></collection>